@article{hilbert1902mathematical,
  title={Mathematical problems},
  author={Hilbert, David},
  journal={Bulletin of the American Mathematical Society},
  volume={8},
  number={10},
  pages={437--479},
  year={1902},
  publisher={American Mathematical Society}
}